@misc{
	enterprise,
	author="Wikipedia",
	title="Enterprise software --- FromWikipedia{,} the free encyclopedia",
	year="2016",
	url="https://en.wikipedia.org/wiki/Enterprise_software",
	note="[Online; prístup 16-november-2016]"
}

@online{
	monolithic,
	author="Chris Richardson",
	title="Pattern: Monolithic Architecture",
	year="2014",
	url="http://microservices.io/patterns/monolithic.html",
	note="[Online; prístup 16-november-2016]"
}

@online{
	micro,
	author="Martin Fowler",
	title="Microservices",
	year="2014",
	url="http://www.martinfowler.com/articles/microservices.html",
	note="[Online; prístup 16-november-2016]"
}

@online{
	silver,
	author="SilverWare",
	title="SilverWare.io",
	year="2014",
	url="http://www.silverware.io/",
	note="[Online; prístup 16-november-2016]"
}